<?xml version="1.0" encoding="UTF-8"?><record xmlns="http://www.loc.gov/MARC21/slim" xmlns:cinclude="http://apache.org/cocoon/include/1.0" xmlns:zs="http://www.loc.gov/zing/srw/">
  <leader>00364nz  a2200121n  4500</leader>
  <controlfield tag="001">n  98038462 </controlfield>
  <controlfield tag="003">DLC</controlfield>
  <controlfield tag="005">19980424150307.4</controlfield>
  <controlfield tag="008">980424n| acannaab|          |n aaa |||  </controlfield>
  <datafield tag="010" ind1=" " ind2=" ">
    <subfield code="a">n  98038462 </subfield>
  </datafield>
  <datafield tag="040" ind1=" " ind2=" ">
    <subfield code="a">DLC</subfield>
    <subfield code="c">DLC</subfield>
  </datafield>
  <datafield tag="100" ind1="1" ind2="0">
    <subfield code="a">Williams, Dilafruz R.,</subfield>
    <subfield code="d">1949-</subfield>
  </datafield>
  <datafield tag="670" ind1=" " ind2=" ">
    <subfield code="a">Ecological education in action, 1999:</subfield>
    <subfield code="b">CIP t.p. (Dilafruz R. Williams) data sheet (b. May 8, 1949)</subfield>
  </datafield>
</record>